[gd_scene load_steps=19 format=2]

[ext_resource path="res://img/pc/PCv101.png" type="Texture" id=1]
[ext_resource path="res://src/chars/player.gd" type="Script" id=2]
[ext_resource path="res://chars/PlayerTapWeapon/ModularWeaponsSystem.tscn" type="PackedScene" id=3]


[sub_resource type="AtlasTexture" id=1]
flags = 4
atlas = ExtResource( 1 )
region = Rect2( 0, 15, 15, 15 )

[sub_resource type="AtlasTexture" id=2]
flags = 4
atlas = ExtResource( 1 )
region = Rect2( 15, 15, 15, 15 )

[sub_resource type="AtlasTexture" id=3]
flags = 4
atlas = ExtResource( 1 )
region = Rect2( 0, 45, 15, 15 )

[sub_resource type="AtlasTexture" id=4]
flags = 4
atlas = ExtResource( 1 )
region = Rect2( 15, 45, 15, 15 )

[sub_resource type="AtlasTexture" id=5]
flags = 4
atlas = ExtResource( 1 )
region = Rect2( 0, 30, 15, 15 )

[sub_resource type="AtlasTexture" id=6]
flags = 4
atlas = ExtResource( 1 )
region = Rect2( 15, 30, 15, 15 )

[sub_resource type="AtlasTexture" id=7]
flags = 4
atlas = ExtResource( 1 )
region = Rect2( 30, 30, 15, 15 )

[sub_resource type="AtlasTexture" id=8]
flags = 4
atlas = ExtResource( 1 )
region = Rect2( 45, 0, 15, 15 )

[sub_resource type="AtlasTexture" id=9]
flags = 4
atlas = ExtResource( 1 )
region = Rect2( 60, 0, 15, 15 )

[sub_resource type="AtlasTexture" id=10]
flags = 4
atlas = ExtResource( 1 )
region = Rect2( 45, 0, 15, 15 )

[sub_resource type="AtlasTexture" id=11]
flags = 4
atlas = ExtResource( 1 )
region = Rect2( 0, 0, 15, 15 )

[sub_resource type="AtlasTexture" id=12]
flags = 4
atlas = ExtResource( 1 )
region = Rect2( 15, 0, 15, 15 )

[sub_resource type="AtlasTexture" id=13]
flags = 4
atlas = ExtResource( 1 )
region = Rect2( 30, 0, 15, 15 )

[sub_resource type="SpriteFrames" id=14]
animations = [ {
"frames": [ SubResource( 1 ), SubResource( 2 ) ],
"loop": true,
"name": "idle",
"speed": 4.0
}, {
"frames": [ SubResource( 3 ), SubResource( 4 ), SubResource( 3 ), SubResource( 4 ), SubResource( 3 ), SubResource( 4 ) ],
"loop": false,
"name": "happy",
"speed": 10.0
}, {
"frames": [ SubResource( 5 ), SubResource( 6 ), SubResource( 7 ), SubResource( 8 ) ],
"loop": true,
"name": "loading",
"speed": 4.0
}, {
"frames": [ SubResource( 9 ), SubResource( 10 ), SubResource( 9 ), SubResource( 10 ), SubResource( 11 ), SubResource( 12 ), SubResource( 13 ), SubResource( 12 ), SubResource( 13 ), SubResource( 12 ), SubResource( 13 ), SubResource( 11 ), SubResource( 12 ), SubResource( 13 ) ],
"loop": false,
"name": "starting",
"speed": 3.0
} ]

[sub_resource type="RectangleShape2D" id=15]
extents = Vector2( 7, 7 )

[node name="Player" type="StaticBody2D"]
script = ExtResource( 2 )

[node name="AnimatedSprite" type="AnimatedSprite" parent="."]
frames = SubResource( 14 )
animation = "starting"
frame = 13
playing = true

[node name="CollisionShape2D" type="CollisionShape2D" parent="."]
shape = SubResource( 15 )

[node name="ModularWeaponsSystem" parent="." instance=ExtResource( 3 )]
